@InProceedings{ botincan2011,
  author = "Matko Botin\v{c}an
            and Dino Distefano
            and Mike Dodds
            and Radu Grigore
            and Daiva Naud\v{z}i\=unien\.e
            and Matthew J. Parkinson",
  title = "\textsf{coreStar}: the Core of \textsf{jStar}",
  booktitle = "BOOGIE~2011",
  year = "2011",
  editor = "K. Rustan M. Leino and Micha{\l} Moskal",
  pages = "65--77"
}
