@article{gheorghita2005ccp,
  title={CONSTRUCTING CHECKERS FROM {PSL} PROPERTIES},
  author={\c Stefan Valentin Gheorghita and Radu Grigore},
  journal={15th International Conference on Control Systems 
           and Computer Science},
  volume={2},
  pages={757--762},
  year={2005}
}
