@inproceedings{DBLP:conf/tacas/GrigoreDPT13,
  author    = {Radu Grigore and
               Dino Distefano and
               Rasmus Lerchedahl Petersen and
               Nikos Tzevelekos},
  title     = {Runtime Verification Based on Register Automata},
  booktitle = {TACAS},
  year      = {2013},
  pages     = {260-276},
  ee        = {http://dx.doi.org/10.1007/978-3-642-36742-7_19},
  crossref  = {DBLP:conf/tacas/2013},
  bibsource = {DBLP, http://dblp.uni-trier.de}
}
@proceedings{DBLP:conf/tacas/2013,
  editor    = {Nir Piterman and
               Scott A. Smolka},
  title     = {Tools and Algorithms for the Construction and Analysis of
               Systems - 19th International Conference, TACAS 2013, Held
               as Part of the European Joint Conferences on Theory and
               Practice of Software, ETAPS 2013, Rome, Italy, March 16-24,
               2013. Proceedings},
  booktitle = {TACAS},
  publisher = {Springer},
  series    = {Lecture Notes in Computer Science},
  volume    = {7795},
  year      = {2013},
  isbn      = {978-3-642-36741-0},
  ee        = {http://dx.doi.org/10.1007/978-3-642-36742-7},
  bibsource = {DBLP, http://dblp.uni-trier.de}
}
