@InProceedings{grigore2011,
  author = "Radu Grigore
            and Rasmus Lerchedahl Petersen
            and Dino Distefano",
  title = "{TOPL}: A Language for Specifying Safety Temporal Properties of
           Object-Oriented Programs",
  booktitle = "FOOL~2011",
  year = "2011"
}
