@Unpublished{grigore2007ev,
  author = 	 {Radu Grigore and Micha{\l} Moskal},
  title = 	 {Edit and Verify},
  note = 	 {accepted, FTP~2007},
  month = 	 {September},
  year = 	 {2007},
}

