@PhdThesis{grigore2010,
  author = {Radu Grigore},
  title = {The Design and Algorithms of a Verification Condition 
      Generator---FreeBoogie},
  school = {University College Dublin},
  year = {2010},
}
