@article{grigore2009spup,
  author = 	 {Radu Grigore and Fintan Fairmichael
    and Julien Charles and Joseph R. Kiniry},
  title = 	 {Strongest Postcondition of Unstructured Programs},
  journal = {Formal Techniques for Java-like Programs (FTfJP)},
  year = 	 {2009},
}

