@inproceedings{DBLP:conf/lpar/JanotaGM13,
  author    = {Mikol{\'a}s Janota and
               Radu Grigore and
               Joao Marques-Silva},
  title     = {On {QBF} Proofs and Preprocessing},
  booktitle = {LPAR},
  year      = {2013},
  pages     = {473--489},
  ee        = {http://dx.doi.org/10.1007/978-3-642-45221-5_32},
  crossref  = {DBLP:conf/lpar/2013},
  bibsource = {DBLP, http://dblp.uni-trier.de}
}

@proceedings{DBLP:conf/lpar/2013,
  editor    = {Kenneth L. McMillan and
               Aart Middeldorp and
               Andrei Voronkov},
  title     = {Logic for Programming, Artificial Intelligence, and Reasoning
               --- 19th International Conference, LPAR-19, Stellenbosch,
               South Africa, December 14-19, 2013. Proceedings},
  booktitle = {LPAR},
  publisher = {Springer},
  series    = {Lecture Notes in Computer Science},
  volume    = {8312},
  year      = {2013},
  isbn      = {978-3-642-45220-8},
  ee        = {http://dx.doi.org/10.1007/978-3-642-45221-5},
  bibsource = {DBLP, http://dblp.uni-trier.de}
}

