@article{janota2009clops,
  author = 	 {Mikol\'a\v{s} Janota and Fintan Fairmichael
    and Viliam Holub and Radu Grigore and Julien Charles
    and Dermot Cochran and Joseph R. Kiniry},
  title = 	 {{CLOPS}: A {DSL} for command line options},
  journal = {IFIP Working Conference on Domain Specific Languages (DSL WC)},
  year = 	 {2009},
}

