@Unpublished{janota2007raa,
  author = 	 {Mikol\'a\v{s} Janota and Radu Grigore and Micha{\l} Moskal},
  title = 	 {Reachability Analysis for Annotated Code},
  note = 	 {accepted, SAVCBS~2007},
  month = 	 {September},
  year = 	 {2007},
}

