@inproceedings{DBLP:conf/jelia/JanotaGM10,
  author    = {Mikol{\'a}s Janota and
               Radu Grigore and
               Jo{\~a}o Marques-Silva},
  title     = {Counterexample Guided Abstraction Refinement Algorithm for
               Propositional Circumscription},
  booktitle = {JELIA},
  year      = {2010},
  pages     = {195-207},
  ee        = {http://dx.doi.org/10.1007/978-3-642-15675-5_18},
  crossref  = {DBLP:conf/jelia/2010},
  bibsource = {DBLP, http://dblp.uni-trier.de}
}
@proceedings{DBLP:conf/jelia/2010,
  editor    = {Tomi Janhunen and
               Ilkka Niemel{\"a}},
  title     = {Logics in Artificial Intelligence - 12th European Conference,
               JELIA 2010, Helsinki, Finland, September 13-15, 2010. Proceedings},
  booktitle = {JELIA},
  publisher = {Springer},
  series    = {Lecture Notes in Computer Science},
  volume    = {6341},
  year      = {2010},
  isbn      = {978-3-642-15674-8},
  ee        = {http://dx.doi.org/10.1007/978-3-642-15675-5},
  bibsource = {DBLP, http://dblp.uni-trier.de}
}

