@inproceedings{janota2010cip,
  author    = {Mikol{\'a}s Janota and
               Goetz Botterweck and
               Radu Grigore and
               Jo{\~a}o P. Marques Silva},
  title     = {How to Complete an Interactive Configuration Process?},
  booktitle = {SOFSEM},
  year      = {2010},
  pages     = {528--539},
  ee        = {http://dx.doi.org/10.1007/978-3-642-11266-9_44},
  crossref  = {DBLP:conf/sofsem/2010},
  bibsource = {DBLP, http://dblp.uni-trier.de}
}
@proceedings{DBLP:conf/sofsem/2010,
  editor    = {Jan van Leeuwen and
               Anca Muscholl and
               David Peleg and
               Jaroslav Pokorn{\'y} and
               Bernhard Rumpe},
  title     = {SOFSEM 2010: Theory and Practice of Computer Science, 36th
               Conference on Current Trends in Theory and Practice of Computer
               Science, Spindleruv Ml{\'y}n, Czech Republic, January
               23--29, 2010. Proceedings},
  booktitle = {SOFSEM},
  publisher = {Springer},
  series    = {Lecture Notes in Computer Science},
  volume    = {5901},
  year      = {2010},
  isbn      = {978-3-642-11265-2},
  ee        = {http://dx.doi.org/10.1007/978-3-642-11266-9},
  bibsource = {DBLP, http://dblp.uni-trier.de}
}
