@inproceedings{DBLP:conf/sigsoft/NaudziunieneBDDGP11,
  author    = {Daiva Naudziuniene and
               Matko Botincan and
               Dino Distefano and
               Mike Dodds and
               Radu Grigore and
               Matthew J. Parkinson},
  title     = {jStar-eclipse: an IDE for automated verification of Java
               programs},
  booktitle = {SIGSOFT FSE},
  year      = {2011},
  pages     = {428-431},
  ee        = {http://doi.acm.org/10.1145/2025113.2025182},
  crossref  = {DBLP:conf/sigsoft/2011},
  bibsource = {DBLP, http://dblp.uni-trier.de}
}
@proceedings{DBLP:conf/sigsoft/2011,
  editor    = {Tibor Gyim{\'o}thy and
               Andreas Zeller},
  title     = {SIGSOFT/FSE'11 19th ACM SIGSOFT Symposium on the Foundations
               of Software Engineering (FSE-19) and ESEC'11: 13rd European
               Software Engineering Conference (ESEC-13), Szeged, Hungary,
               September 5-9, 2011},
  booktitle = {SIGSOFT FSE},
  publisher = {ACM},
  year      = {2011},
  isbn      = {978-1-4503-0443-6},
  bibsource = {DBLP, http://dblp.uni-trier.de}
}
