@inproceedings{DBLP:conf/fossacs/TzevelekosG13,
  author    = {Nikos Tzevelekos and
               Radu Grigore},
  title     = {History-Register Automata},
  booktitle = {FoSSaCS},
  year      = {2013},
  pages     = {17-33},
  ee        = {http://dx.doi.org/10.1007/978-3-642-37075-5_2},
  crossref  = {DBLP:conf/fossacs/2013},
  bibsource = {DBLP, http://dblp.uni-trier.de}
}
@proceedings{DBLP:conf/fossacs/2013,
  editor    = {Frank Pfenning},
  title     = {Foundations of Software Science and Computation Structures
               - 16th International Conference, FOSSACS 2013, Held as Part
               of the European Joint Conferences on Theory and Practice
               of Software, ETAPS 2013, Rome, Italy, March 16-24, 2013.
               Proceedings},
  booktitle = {FOSSACS},
  publisher = {Springer},
  series    = {Lecture Notes in Computer Science},
  volume    = {7794},
  year      = {2013},
  isbn      = {978-3-642-37074-8},
  ee        = {http://dx.doi.org/10.1007/978-3-642-37075-5},
  bibsource = {DBLP, http://dblp.uni-trier.de}
}
