@inproceedings{DBLP:conf/pldi/ZhangMGNY14,
  author    = {Xin Zhang and
               Ravi Mangal and
               Radu Grigore and
               Mayur Naik and
               Hongseok Yang},
  title     = {On abstraction refinement for program analyses in Datalog},
  booktitle = {{ACM} {SIGPLAN} Conference on Programming Language Design and Implementation,
               {PLDI} '14, Edinburgh, United Kingdom - June 09 - 11, 2014},
  pages     = {27},
  year      = {2014},
  crossref  = {DBLP:conf/pldi/2014},
  url       = {http://doi.acm.org/10.1145/2594291.2594327},
  doi       = {10.1145/2594291.2594327},
  timestamp = {Sat, 10 May 2014 14:18:27 +0200},
  biburl    = {http://dblp.uni-trier.de/rec/bib/conf/pldi/ZhangMGNY14},
  bibsource = {dblp computer science bibliography, http://dblp.org}
}
@proceedings{DBLP:conf/pldi/2014,
  editor    = {Michael F. P. O'Boyle and
               Keshav Pingali},
  title     = {{ACM} {SIGPLAN} Conference on Programming Language Design and Implementation,
               {PLDI} '14, Edinburgh, United Kingdom - June 09 - 11, 2014},
  publisher = {{ACM}},
  year      = {2014},
  url       = {http://dl.acm.org/citation.cfm?id=2594291},
  isbn      = {978-1-4503-2784-8},
  timestamp = {Sat, 10 May 2014 14:18:27 +0200},
  biburl    = {http://dblp.uni-trier.de/rec/bib/conf/pldi/2014},
  bibsource = {dblp computer science bibliography, http://dblp.org}
}

